@ARTICLE{svmtutorial,
AUTHOR="Burges, Christopher JC.",
TITLE="A tutorial on support vector machines for pattern recognition",
JOURNAL="Data mining and knowledge discovery 2.2",
YEAR="1998",
PAGES="121--167",
}
@ARTICLE{svregtutorial,
AUTHOR="Smola, Alex J. and Sch√∂lkopf, Bernhard",
TITLE="A tutorial on support vector regression",
JOURNAL="Statistics and computing 14.3",
YEAR="2004",
PAGES="199--222",
}
@BOOK{vapnik82,
  title="Estimation of Dependences Based on Empirical Data",
  author="Vapnik, Vladimir Naumovich",
  publisher="Springer",
  address="Berlin",
  year="1982",
}
@BOOK{vapnik95,
AUTHOR="Vapnik, Vladimir Naumovich",
TITLE="The Nature of Statistical Learning Theory",
PUBLISHER="Springer",
ADDRESS="New York",
YEAR="1995",
}
@book{tikhonov77,
  title="Solutions of Ill-Posed Problems",
  author="Tikhonov, A. N. and Arsenin, Vasili Ya",
  year="1977",
  publisher="V. H. Winston and Sons",
  address="Washington, DC",
}
@article{cortes95,
  title={Support-vector networks},
  author={Cortes, Corinna and Vapnik, Vladimir},
  journal={Machine learning},
  volume={20},
  number={3},
  pages={273--297},
  year={1995},
  publisher={Springer}
}
@book{fletcher80,
  title="Practical Methods of Optimization",
  author="Fletcher, Roger",
  year="1980",
  publisher="Wiley",
}
@mastersthesis{karush39,
  title={Minima of functions of several variables with inequalities as side constraints},
  author={Karush, William},
  school={Dept. of Mathematics, Univ. of Chicago},
  year={1939}
}
@inproceedings{kuhntucker51,
  title={Nonlinear programming},
  author={Kuhn, H. W. and Tucker, A. W.},
  booktitle={Proceedings of the 2nd Berkeley Symposium on Mathematical Statistics and Probabilistics},
  pages={481--492},
  year={1951},
  publisher={University of California Press}
}
@article{isachc,
  title={Recommendations for diagnosis of heart disease and treatment of heart failure in small animals},
  author={Fox, P. R. and Sisson, D. and Moise, N. S.},
  journal={ISACHC. Textbook of canine and feline cardiology, principles and clinical practice, 2nd ed.},
  pages={883--901},
  year={1999}
}
@article{acvim,
  title={Guidelines for the diagnosis and treatment of canine chronic valvular heart disease},
  author={Atkins, C. and others},
  journal={Journal of veterinary internal medicine},
  volume={23},
  number={6},
  pages={1142--1150},
  year={2009},
  publisher={Wiley Online Library}
}
@BOOK{numpy,
AUTHOR="Oliphant, Travis E.",
TITLE="A guide to NumPy",
PUBLISHER="Trelgol Publishing",
ADDRESS="USA",
YEAR="2006",
}
@inproceedings{pandas,
AUTHOR="McKinney, Wes",
TITLE="Data Structures for Statistical Computing in Python",
booktitle="Proceedings of the 9th Python in Science Conference",
YEAR="2010",
PAGES="51--56",
}
@ARTICLE{sklearn,
AUTHOR="Pedregosa, Fabian and others",
TITLE="Scikit-learn: Machine learning in Python",
JOURNAL="Journal of Machine Learning Research",
DAY="12",
MONTH="October",
YEAR="2011",
PAGES="2825--2830",
}
@article{breunig00,
 author = {Breunig, Markus M. and Kriegel, Hans-Peter and Ng, Raymond T. and Sander, J\"{o}rg},
 title = {{LOF}: Identifying Density-based Local Outliers},
 journal = {SIGMOD Rec.},
 volume = {29},
 number = {2},
 year = {2000},
 pages = {93--104},
 publisher = {ACM},
 address = {New York, NY, USA},
}
@article{vanbelle11,
  title={Support vector methods for survival analysis: a comparison between ranking and regression approaches},
  author={Van Belle, Vanya and Pelckmans, Kristiaan and Van Huffel, Sabine and Suykens, Johan AK},
  journal={Artificial intelligence in medicine},
  volume={53},
  number={2},
  pages={107--118},
  year={2011},
  publisher={Elsevier}
}
@inproceedings{shivaswamy07,
  title={A support vector approach to censored targets},
  author={Shivaswamy, Pannagadatta K. and Chu, Wei and Jansche, Martin},
  booktitle={Seventh IEEE International Conference on Data Mining},
  pages={655--660},
  year={2007},
  organization={IEEE}
}